@book{artin2011algebra,
  title={Algebra},
  author={Artin, M.},
  isbn={0-13-004763-5},
  lccn={2010017573},
  year={1991},
  publisher={Pearson Prentice Hall}
}
